@book{lima2012avr,
  title={AVR e Arduino: T{\'e}cnicas de Projeto},
  author={Lima, Charles B and Villa{\c{c}}a, Marco VM},
  year={2018},
  publisher={Florian{\'o}polis: Ed. dos autores}
}

@book{deitel2006c++,
  title={C++: como programar},
  author={Deitel, H.M. and Deitel, P.J.},
  isbn={9788576050568},
  url={https://books.google.com.br/books?id=teB0PgAACAAJ},
  year={2006},
  publisher={Pearson Prentice Hall}
}

@book{houaiss2009dicio,
  title={Dicion{\'a}rio Houaiss da l{\'\i}ngua portuguesa},
  author={Houaiss, A. and Villar, M. and de Mello Franco, F.M. and Instituto Ant{\^o}nio Houaiss de Lexicografia},
  isbn={9788573029635},
  lccn={2009342867},
  url={https://books.google.com.br/books?id=1LQKqAAACAAJ},
  year={2009},
  publisher={Objetiva}
}
